%YAML 1.1
%TAG !u! tag:unity3d.com,2011:
--- !u!1 &103100
GameObject:
  m_ObjectHideFlags: 1
  m_PrefabParentObject: {fileID: 0}
  m_PrefabInternal: {fileID: 100100000}
  serializedVersion: 4
  m_Component:
  - 4: {fileID: 492988}
  m_Layer: 0
  m_Name: Bip01 L Finger0Nub
  m_TagString: Untagged
  m_Icon: {fileID: 0}
  m_NavMeshLayer: 0
  m_StaticEditorFlags: 0
  m_IsActive: 1
--- !u!1 &104734
GameObject:
  m_ObjectHideFlags: 1
  m_PrefabParentObject: {fileID: 0}
  m_PrefabInternal: {fileID: 100100000}
  serializedVersion: 4
  m_Component:
  - 4: {fileID: 486586}
  m_Layer: 0
  m_Name: Bip01 R Finger0
  m_TagString: Untagged
  m_Icon: {fileID: 0}
  m_NavMeshLayer: 0
  m_StaticEditorFlags: 0
  m_IsActive: 1
--- !u!1 &105392
GameObject:
  m_ObjectHideFlags: 1
  m_PrefabParentObject: {fileID: 0}
  m_PrefabInternal: {fileID: 100100000}
  serializedVersion: 4
  m_Component:
  - 4: {fileID: 442850}
  m_Layer: 0
  m_Name: Bip01 L Calf
  m_TagString: Untagged
  m_Icon: {fileID: 0}
  m_NavMeshLayer: 0
  m_StaticEditorFlags: 0
  m_IsActive: 1
--- !u!1 &107378
GameObject:
  m_ObjectHideFlags: 1
  m_PrefabParentObject: {fileID: 0}
  m_PrefabInternal: {fileID: 100100000}
  serializedVersion: 4
  m_Component:
  - 4: {fileID: 445970}
  m_Layer: 0
  m_Name: Bip01 R Toe0
  m_TagString: Untagged
  m_Icon: {fileID: 0}
  m_NavMeshLayer: 0
  m_StaticEditorFlags: 0
  m_IsActive: 1
--- !u!1 &114132
GameObject:
  m_ObjectHideFlags: 1
  m_PrefabParentObject: {fileID: 0}
  m_PrefabInternal: {fileID: 100100000}
  serializedVersion: 4
  m_Component:
  - 4: {fileID: 419842}
  m_Layer: 0
  m_Name: Bip01 HeadNub
  m_TagString: Untagged
  m_Icon: {fileID: 0}
  m_NavMeshLayer: 0
  m_StaticEditorFlags: 0
  m_IsActive: 1
--- !u!1 &118568
GameObject:
  m_ObjectHideFlags: 1
  m_PrefabParentObject: {fileID: 0}
  m_PrefabInternal: {fileID: 100100000}
  serializedVersion: 4
  m_Component:
  - 4: {fileID: 468828}
  m_Layer: 0
  m_Name: Bip01 L Toe0Nub
  m_TagString: Untagged
  m_Icon: {fileID: 0}
  m_NavMeshLayer: 0
  m_StaticEditorFlags: 0
  m_IsActive: 1
--- !u!1 &121472
GameObject:
  m_ObjectHideFlags: 1
  m_PrefabParentObject: {fileID: 0}
  m_PrefabInternal: {fileID: 100100000}
  serializedVersion: 4
  m_Component:
  - 4: {fileID: 499714}
  m_Layer: 0
  m_Name: Bip01 Spine
  m_TagString: Untagged
  m_Icon: {fileID: 0}
  m_NavMeshLayer: 0
  m_StaticEditorFlags: 0
  m_IsActive: 1
--- !u!1 &122410
GameObject:
  m_ObjectHideFlags: 0
  m_PrefabParentObject: {fileID: 0}
  m_PrefabInternal: {fileID: 100100000}
  serializedVersion: 4
  m_Component:
  - 4: {fileID: 499640}
  - 137: {fileID: 13789080}
  m_Layer: 0
  m_Name: sheep_hi
  m_TagString: Untagged
  m_Icon: {fileID: 0}
  m_NavMeshLayer: 0
  m_StaticEditorFlags: 0
  m_IsActive: 1
--- !u!1 &124322
GameObject:
  m_ObjectHideFlags: 1
  m_PrefabParentObject: {fileID: 0}
  m_PrefabInternal: {fileID: 100100000}
  serializedVersion: 4
  m_Component:
  - 4: {fileID: 426832}
  m_Layer: 0
  m_Name: Bip01 Spine1
  m_TagString: Untagged
  m_Icon: {fileID: 0}
  m_NavMeshLayer: 0
  m_StaticEditorFlags: 0
  m_IsActive: 1
--- !u!1 &124928
GameObject:
  m_ObjectHideFlags: 1
  m_PrefabParentObject: {fileID: 0}
  m_PrefabInternal: {fileID: 100100000}
  serializedVersion: 4
  m_Component:
  - 4: {fileID: 465908}
  m_Layer: 0
  m_Name: Bip01 L Clavicle
  m_TagString: Untagged
  m_Icon: {fileID: 0}
  m_NavMeshLayer: 0
  m_StaticEditorFlags: 0
  m_IsActive: 1
--- !u!1 &126188
GameObject:
  m_ObjectHideFlags: 1
  m_PrefabParentObject: {fileID: 0}
  m_PrefabInternal: {fileID: 100100000}
  serializedVersion: 4
  m_Component:
  - 4: {fileID: 470610}
  m_Layer: 0
  m_Name: Bip01 L Toe0
  m_TagString: Untagged
  m_Icon: {fileID: 0}
  m_NavMeshLayer: 0
  m_StaticEditorFlags: 0
  m_IsActive: 1
--- !u!1 &137782
GameObject:
  m_ObjectHideFlags: 1
  m_PrefabParentObject: {fileID: 0}
  m_PrefabInternal: {fileID: 100100000}
  serializedVersion: 4
  m_Component:
  - 4: {fileID: 460518}
  m_Layer: 0
  m_Name: Bip01 Neck
  m_TagString: Untagged
  m_Icon: {fileID: 0}
  m_NavMeshLayer: 0
  m_StaticEditorFlags: 0
  m_IsActive: 1
--- !u!1 &138436
GameObject:
  m_ObjectHideFlags: 1
  m_PrefabParentObject: {fileID: 0}
  m_PrefabInternal: {fileID: 100100000}
  serializedVersion: 4
  m_Component:
  - 4: {fileID: 404928}
  m_Layer: 0
  m_Name: Bip01 R Clavicle
  m_TagString: Untagged
  m_Icon: {fileID: 0}
  m_NavMeshLayer: 0
  m_StaticEditorFlags: 0
  m_IsActive: 1
--- !u!1 &143866
GameObject:
  m_ObjectHideFlags: 0
  m_PrefabParentObject: {fileID: 0}
  m_PrefabInternal: {fileID: 100100000}
  serializedVersion: 4
  m_Component:
  - 4: {fileID: 423162}
  m_Layer: 0
  m_Name: Bip01
  m_TagString: Untagged
  m_Icon: {fileID: 0}
  m_NavMeshLayer: 0
  m_StaticEditorFlags: 0
  m_IsActive: 1
--- !u!1 &144370
GameObject:
  m_ObjectHideFlags: 1
  m_PrefabParentObject: {fileID: 0}
  m_PrefabInternal: {fileID: 100100000}
  serializedVersion: 4
  m_Component:
  - 4: {fileID: 453618}
  m_Layer: 0
  m_Name: Bip01 L Foot
  m_TagString: Untagged
  m_Icon: {fileID: 0}
  m_NavMeshLayer: 0
  m_StaticEditorFlags: 0
  m_IsActive: 1
--- !u!1 &152340
GameObject:
  m_ObjectHideFlags: 1
  m_PrefabParentObject: {fileID: 0}
  m_PrefabInternal: {fileID: 100100000}
  serializedVersion: 4
  m_Component:
  - 4: {fileID: 487524}
  m_Layer: 0
  m_Name: Bip01 L UpperArm
  m_TagString: Untagged
  m_Icon: {fileID: 0}
  m_NavMeshLayer: 0
  m_StaticEditorFlags: 0
  m_IsActive: 1
--- !u!1 &152988
GameObject:
  m_ObjectHideFlags: 1
  m_PrefabParentObject: {fileID: 0}
  m_PrefabInternal: {fileID: 100100000}
  serializedVersion: 4
  m_Component:
  - 4: {fileID: 471822}
  m_Layer: 0
  m_Name: Bip01 TailNub
  m_TagString: Untagged
  m_Icon: {fileID: 0}
  m_NavMeshLayer: 0
  m_StaticEditorFlags: 0
  m_IsActive: 1
--- !u!1 &155108
GameObject:
  m_ObjectHideFlags: 1
  m_PrefabParentObject: {fileID: 0}
  m_PrefabInternal: {fileID: 100100000}
  serializedVersion: 4
  m_Component:
  - 4: {fileID: 465902}
  m_Layer: 0
  m_Name: Bip01 R UpperArm
  m_TagString: Untagged
  m_Icon: {fileID: 0}
  m_NavMeshLayer: 0
  m_StaticEditorFlags: 0
  m_IsActive: 1
--- !u!1 &155346
GameObject:
  m_ObjectHideFlags: 1
  m_PrefabParentObject: {fileID: 0}
  m_PrefabInternal: {fileID: 100100000}
  serializedVersion: 4
  m_Component:
  - 4: {fileID: 472772}
  m_Layer: 0
  m_Name: Bip01 R Thigh
  m_TagString: Untagged
  m_Icon: {fileID: 0}
  m_NavMeshLayer: 0
  m_StaticEditorFlags: 0
  m_IsActive: 1
--- !u!1 &155564
GameObject:
  m_ObjectHideFlags: 1
  m_PrefabParentObject: {fileID: 0}
  m_PrefabInternal: {fileID: 100100000}
  serializedVersion: 4
  m_Component:
  - 4: {fileID: 442556}
  m_Layer: 0
  m_Name: Bip01 L Thigh
  m_TagString: Untagged
  m_Icon: {fileID: 0}
  m_NavMeshLayer: 0
  m_StaticEditorFlags: 0
  m_IsActive: 1
--- !u!1 &159186
GameObject:
  m_ObjectHideFlags: 1
  m_PrefabParentObject: {fileID: 0}
  m_PrefabInternal: {fileID: 100100000}
  serializedVersion: 4
  m_Component:
  - 4: {fileID: 473282}
  m_Layer: 0
  m_Name: Bip01 R Toe0Nub
  m_TagString: Untagged
  m_Icon: {fileID: 0}
  m_NavMeshLayer: 0
  m_StaticEditorFlags: 0
  m_IsActive: 1
--- !u!1 &159794
GameObject:
  m_ObjectHideFlags: 1
  m_PrefabParentObject: {fileID: 0}
  m_PrefabInternal: {fileID: 100100000}
  serializedVersion: 4
  m_Component:
  - 4: {fileID: 405410}
  m_Layer: 0
  m_Name: Bip01 L Hand
  m_TagString: Untagged
  m_Icon: {fileID: 0}
  m_NavMeshLayer: 0
  m_StaticEditorFlags: 0
  m_IsActive: 1
--- !u!1 &160484
GameObject:
  m_ObjectHideFlags: 1
  m_PrefabParentObject: {fileID: 0}
  m_PrefabInternal: {fileID: 100100000}
  serializedVersion: 4
  m_Component:
  - 4: {fileID: 449110}
  m_Layer: 0
  m_Name: Bip01 Tail
  m_TagString: Untagged
  m_Icon: {fileID: 0}
  m_NavMeshLayer: 0
  m_StaticEditorFlags: 0
  m_IsActive: 1
--- !u!1 &161216
GameObject:
  m_ObjectHideFlags: 1
  m_PrefabParentObject: {fileID: 0}
  m_PrefabInternal: {fileID: 100100000}
  serializedVersion: 4
  m_Component:
  - 4: {fileID: 496162}
  m_Layer: 0
  m_Name: Bip01 L Forearm
  m_TagString: Untagged
  m_Icon: {fileID: 0}
  m_NavMeshLayer: 0
  m_StaticEditorFlags: 0
  m_IsActive: 1
--- !u!1 &166504
GameObject:
  m_ObjectHideFlags: 1
  m_PrefabParentObject: {fileID: 0}
  m_PrefabInternal: {fileID: 100100000}
  serializedVersion: 4
  m_Component:
  - 4: {fileID: 468124}
  m_Layer: 0
  m_Name: Bip01 R Foot
  m_TagString: Untagged
  m_Icon: {fileID: 0}
  m_NavMeshLayer: 0
  m_StaticEditorFlags: 0
  m_IsActive: 1
--- !u!1 &167758
GameObject:
  m_ObjectHideFlags: 1
  m_PrefabParentObject: {fileID: 0}
  m_PrefabInternal: {fileID: 100100000}
  serializedVersion: 4
  m_Component:
  - 4: {fileID: 449662}
  m_Layer: 0
  m_Name: Bip01 Head
  m_TagString: Untagged
  m_Icon: {fileID: 0}
  m_NavMeshLayer: 0
  m_StaticEditorFlags: 0
  m_IsActive: 1
--- !u!1 &171530
GameObject:
  m_ObjectHideFlags: 1
  m_PrefabParentObject: {fileID: 0}
  m_PrefabInternal: {fileID: 100100000}
  serializedVersion: 4
  m_Component:
  - 4: {fileID: 424436}
  m_Layer: 0
  m_Name: Bip01 L Finger0
  m_TagString: Untagged
  m_Icon: {fileID: 0}
  m_NavMeshLayer: 0
  m_StaticEditorFlags: 0
  m_IsActive: 1
--- !u!1 &173910
GameObject:
  m_ObjectHideFlags: 1
  m_PrefabParentObject: {fileID: 0}
  m_PrefabInternal: {fileID: 100100000}
  serializedVersion: 4
  m_Component:
  - 4: {fileID: 479464}
  m_Layer: 0
  m_Name: Bip01 R Calf
  m_TagString: Untagged
  m_Icon: {fileID: 0}
  m_NavMeshLayer: 0
  m_StaticEditorFlags: 0
  m_IsActive: 1
--- !u!1 &177342
GameObject:
  m_ObjectHideFlags: 1
  m_PrefabParentObject: {fileID: 0}
  m_PrefabInternal: {fileID: 100100000}
  serializedVersion: 4
  m_Component:
  - 4: {fileID: 457346}
  m_Layer: 0
  m_Name: Bip01 Footsteps
  m_TagString: Untagged
  m_Icon: {fileID: 0}
  m_NavMeshLayer: 0
  m_StaticEditorFlags: 0
  m_IsActive: 1
--- !u!1 &186474
GameObject:
  m_ObjectHideFlags: 1
  m_PrefabParentObject: {fileID: 0}
  m_PrefabInternal: {fileID: 100100000}
  serializedVersion: 4
  m_Component:
  - 4: {fileID: 429318}
  m_Layer: 0
  m_Name: Bip01 R Finger0Nub
  m_TagString: Untagged
  m_Icon: {fileID: 0}
  m_NavMeshLayer: 0
  m_StaticEditorFlags: 0
  m_IsActive: 1
--- !u!1 &187678
GameObject:
  m_ObjectHideFlags: 1
  m_PrefabParentObject: {fileID: 0}
  m_PrefabInternal: {fileID: 100100000}
  serializedVersion: 4
  m_Component:
  - 4: {fileID: 490438}
  m_Layer: 0
  m_Name: Bip01 Pelvis
  m_TagString: Untagged
  m_Icon: {fileID: 0}
  m_NavMeshLayer: 0
  m_StaticEditorFlags: 0
  m_IsActive: 1
--- !u!1 &189420
GameObject:
  m_ObjectHideFlags: 0
  m_PrefabParentObject: {fileID: 0}
  m_PrefabInternal: {fileID: 100100000}
  serializedVersion: 4
  m_Component:
  - 4: {fileID: 451846}
  - 95: {fileID: 9507658}
  - 54: {fileID: 5477878}
  - 136: {fileID: 13647110}
  - 114: {fileID: 11440592}
  m_Layer: 0
  m_Name: goldensheep
  m_TagString: sheep
  m_Icon: {fileID: 0}
  m_NavMeshLayer: 0
  m_StaticEditorFlags: 0
  m_IsActive: 1
--- !u!1 &191034
GameObject:
  m_ObjectHideFlags: 1
  m_PrefabParentObject: {fileID: 0}
  m_PrefabInternal: {fileID: 100100000}
  serializedVersion: 4
  m_Component:
  - 4: {fileID: 495732}
  m_Layer: 0
  m_Name: Bip01 R Forearm
  m_TagString: Untagged
  m_Icon: {fileID: 0}
  m_NavMeshLayer: 0
  m_StaticEditorFlags: 0
  m_IsActive: 1
--- !u!1 &191910
GameObject:
  m_ObjectHideFlags: 1
  m_PrefabParentObject: {fileID: 0}
  m_PrefabInternal: {fileID: 100100000}
  serializedVersion: 4
  m_Component:
  - 4: {fileID: 479884}
  m_Layer: 0
  m_Name: Bip01 R Hand
  m_TagString: Untagged
  m_Icon: {fileID: 0}
  m_NavMeshLayer: 0
  m_StaticEditorFlags: 0
  m_IsActive: 1
--- !u!4 &404928
Transform:
  m_ObjectHideFlags: 1
  m_PrefabParentObject: {fileID: 0}
  m_PrefabInternal: {fileID: 100100000}
  m_GameObject: {fileID: 138436}
  m_LocalRotation: {x: .703586519, y: -.317590356, z: .622997761, w: -.126396775}
  m_LocalPosition: {x: .128854647, y: .176095635, z: -.0464997329}
  m_LocalScale: {x: 1, y: 1, z: 1.00000012}
  m_Children:
  - {fileID: 465902}
  m_Father: {fileID: 460518}
  m_RootOrder: 2
--- !u!4 &405410
Transform:
  m_ObjectHideFlags: 1
  m_PrefabParentObject: {fileID: 0}
  m_PrefabInternal: {fileID: 100100000}
  m_GameObject: {fileID: 159794}
  m_LocalRotation: {x: -.0609137155, y: -.0777012333, z: .694262862, w: .712917328}
  m_LocalPosition: {x: -.0914222449, y: -7.4505806e-09, z: 0}
  m_LocalScale: {x: .999999881, y: 1.00000012, z: 1.00000012}
  m_Children:
  - {fileID: 424436}
  m_Father: {fileID: 496162}
  m_RootOrder: 0
--- !u!4 &419842
Transform:
  m_ObjectHideFlags: 1
  m_PrefabParentObject: {fileID: 0}
  m_PrefabInternal: {fileID: 100100000}
  m_GameObject: {fileID: 114132}
  m_LocalRotation: {x: 2.8421706e-14, y: 0, z: -0, w: 1}
  m_LocalPosition: {x: -.295699745, y: 0, z: 0}
  m_LocalScale: {x: 1.00000012, y: 1.00000012, z: 1}
  m_Children: []
  m_Father: {fileID: 449662}
  m_RootOrder: 0
--- !u!4 &423162
Transform:
  m_ObjectHideFlags: 1
  m_PrefabParentObject: {fileID: 0}
  m_PrefabInternal: {fileID: 100100000}
  m_GameObject: {fileID: 143866}
  m_LocalRotation: {x: -.477714509, y: .477713704, z: .521333694, w: .521334469}
  m_LocalPosition: {x: 5.00503211e-06, y: .248795137, z: -.197724804}
  m_LocalScale: {x: .99999994, y: .99999994, z: 1}
  m_Children:
  - {fileID: 457346}
  - {fileID: 490438}
  m_Father: {fileID: 451846}
  m_RootOrder: 0
--- !u!4 &424436
Transform:
  m_ObjectHideFlags: 1
  m_PrefabParentObject: {fileID: 0}
  m_PrefabInternal: {fileID: 100100000}
  m_GameObject: {fileID: 171530}
  m_LocalRotation: {x: -.000398140459, y: 0, z: -0, w: .99999994}
  m_LocalPosition: {x: -.0212960839, y: 9.31322575e-10, z: -1.49011612e-08}
  m_LocalScale: {x: 1, y: .99999994, z: 1}
  m_Children:
  - {fileID: 492988}
  m_Father: {fileID: 405410}
  m_RootOrder: 0
--- !u!4 &426832
Transform:
  m_ObjectHideFlags: 1
  m_PrefabParentObject: {fileID: 0}
  m_PrefabInternal: {fileID: 100100000}
  m_GameObject: {fileID: 124322}
  m_LocalRotation: {x: 5.34112583e-14, y: -1.20982435e-07, z: .0436192974, w: .999048233}
  m_LocalPosition: {x: -.1371997, y: -.000110119581, z: -3.05135472e-10}
  m_LocalScale: {x: 1.00000012, y: 1.00000012, z: 1}
  m_Children:
  - {fileID: 460518}
  m_Father: {fileID: 499714}
  m_RootOrder: 2
--- !u!4 &429318
Transform:
  m_ObjectHideFlags: 1
  m_PrefabParentObject: {fileID: 0}
  m_PrefabInternal: {fileID: 100100000}
  m_GameObject: {fileID: 186474}
  m_LocalRotation: {x: -4.65661232e-10, y: 7.45057971e-09, z: 1, w: 1.86264482e-09}
  m_LocalPosition: {x: -.0077971071, y: 9.31322575e-10, z: 0}
  m_LocalScale: {x: -1.00000012, y: -1.00000012, z: -1.00000012}
  m_Children: []
  m_Father: {fileID: 486586}
  m_RootOrder: 0
--- !u!4 &442556
Transform:
  m_ObjectHideFlags: 1
  m_PrefabParentObject: {fileID: 0}
  m_PrefabInternal: {fileID: 100100000}
  m_GameObject: {fileID: 155564}
  m_LocalRotation: {x: -.65039885, y: .756227374, z: .046112448, w: .0545460805}
  m_LocalPosition: {x: .0290140212, y: .0157523155, z: .140056804}
  m_LocalScale: {x: 1, y: 1.00000012, z: 1}
  m_Children:
  - {fileID: 442850}
  m_Father: {fileID: 499714}
  m_RootOrder: 0
--- !u!4 &442850
Transform:
  m_ObjectHideFlags: 1
  m_PrefabParentObject: {fileID: 0}
  m_PrefabInternal: {fileID: 100100000}
  m_GameObject: {fileID: 105392}
  m_LocalRotation: {x: -1.39569245e-09, y: -1.66014402e-08, z: .37071082, w: .928748369}
  m_LocalPosition: {x: -.140223801, y: -1.49011612e-08, z: -1.49011612e-08}
  m_LocalScale: {x: .99999994, y: 1, z: 1}
  m_Children:
  - {fileID: 453618}
  m_Father: {fileID: 442556}
  m_RootOrder: 0
--- !u!4 &445970
Transform:
  m_ObjectHideFlags: 1
  m_PrefabParentObject: {fileID: 0}
  m_PrefabInternal: {fileID: 100100000}
  m_GameObject: {fileID: 107378}
  m_LocalRotation: {x: -.000125571518, y: .000352772244, z: .910360754, w: -.413815528}
  m_LocalPosition: {x: -.0386822075, y: .0876020491, z: .00295372307}
  m_LocalScale: {x: 1.00000012, y: 1.00000012, z: 1.00000012}
  m_Children:
  - {fileID: 473282}
  m_Father: {fileID: 468124}
  m_RootOrder: 0
--- !u!4 &449110
Transform:
  m_ObjectHideFlags: 1
  m_PrefabParentObject: {fileID: 0}
  m_PrefabInternal: {fileID: 100100000}
  m_GameObject: {fileID: 160484}
  m_LocalRotation: {x: 3.23011682e-06, y: -1.424316e-06, z: .826015413, w: .563647628}
  m_LocalPosition: {x: .192469016, y: -.166012675, z: -8.01724127e-08}
  m_LocalScale: {x: 1.00000012, y: 1.00000012, z: 1}
  m_Children:
  - {fileID: 471822}
  m_Father: {fileID: 499714}
  m_RootOrder: 3
--- !u!4 &449662
Transform:
  m_ObjectHideFlags: 1
  m_PrefabParentObject: {fileID: 0}
  m_PrefabInternal: {fileID: 100100000}
  m_GameObject: {fileID: 167758}
  m_LocalRotation: {x: -2.25812528e-07, y: -2.20861921e-06, z: .345469862, w: .938429892}
  m_LocalPosition: {x: -.0568863451, y: 0, z: 0}
  m_LocalScale: {x: .99999994, y: .99999994, z: 1}
  m_Children:
  - {fileID: 419842}
  m_Father: {fileID: 460518}
  m_RootOrder: 0
--- !u!4 &451846
Transform:
  m_ObjectHideFlags: 1
  m_PrefabParentObject: {fileID: 0}
  m_PrefabInternal: {fileID: 100100000}
  m_GameObject: {fileID: 189420}
  m_LocalRotation: {x: 0, y: 0, z: 0, w: 1}
  m_LocalPosition: {x: 12.5900002, y: 0, z: -9.88000011}
  m_LocalScale: {x: 1, y: 1, z: 1}
  m_Children:
  - {fileID: 423162}
  - {fileID: 499640}
  m_Father: {fileID: 0}
  m_RootOrder: 0
--- !u!4 &453618
Transform:
  m_ObjectHideFlags: 1
  m_PrefabParentObject: {fileID: 0}
  m_PrefabInternal: {fileID: 100100000}
  m_GameObject: {fileID: 144370}
  m_LocalRotation: {x: .00302235526, y: .0913259313, z: -.107316904, w: .990016937}
  m_LocalPosition: {x: -.0572364405, y: 0, z: 0}
  m_LocalScale: {x: 1.00000024, y: 1.00000024, z: 1.00000012}
  m_Children:
  - {fileID: 470610}
  m_Father: {fileID: 442850}
  m_RootOrder: 0
--- !u!4 &457346
Transform:
  m_ObjectHideFlags: 1
  m_PrefabParentObject: {fileID: 0}
  m_PrefabInternal: {fileID: 100100000}
  m_GameObject: {fileID: 177342}
  m_LocalRotation: {x: -.0308440011, y: .0308440011, z: -.706433177, w: .706434309}
  m_LocalPosition: {x: -.0200199783, y: -1.60221134e-08, z: -.228826106}
  m_LocalScale: {x: 1, y: 1.00000012, z: 1}
  m_Children: []
  m_Father: {fileID: 423162}
  m_RootOrder: 0
--- !u!4 &460518
Transform:
  m_ObjectHideFlags: 1
  m_PrefabParentObject: {fileID: 0}
  m_PrefabInternal: {fileID: 100100000}
  m_GameObject: {fileID: 137782}
  m_LocalRotation: {x: 4.41662698e-14, y: -4.99153543e-07, z: .179965869, w: .983672857}
  m_LocalPosition: {x: -.14360714, y: -.134204119, z: -5.37498636e-07}
  m_LocalScale: {x: 1.00000012, y: 1.00000012, z: 1}
  m_Children:
  - {fileID: 449662}
  - {fileID: 465908}
  - {fileID: 404928}
  m_Father: {fileID: 426832}
  m_RootOrder: 0
--- !u!4 &465902
Transform:
  m_ObjectHideFlags: 1
  m_PrefabParentObject: {fileID: 0}
  m_PrefabInternal: {fileID: 100100000}
  m_GameObject: {fileID: 155108}
  m_LocalRotation: {x: .636703014, y: .434946924, z: .166841209, w: .614487171}
  m_LocalPosition: {x: -.0825752392, y: 0, z: -1.49011612e-08}
  m_LocalScale: {x: .99999994, y: 1, z: 1}
  m_Children:
  - {fileID: 495732}
  m_Father: {fileID: 404928}
  m_RootOrder: 0
--- !u!4 &465908
Transform:
  m_ObjectHideFlags: 1
  m_PrefabParentObject: {fileID: 0}
  m_PrefabInternal: {fileID: 100100000}
  m_GameObject: {fileID: 124928}
  m_LocalRotation: {x: .703586876, y: -.317588627, z: -.622998655, w: .126394838}
  m_LocalPosition: {x: .128854647, y: .176095366, z: .0465010367}
  m_LocalScale: {x: 1, y: 1, z: 1.00000012}
  m_Children:
  - {fileID: 487524}
  m_Father: {fileID: 460518}
  m_RootOrder: 1
--- !u!4 &468124
Transform:
  m_ObjectHideFlags: 1
  m_PrefabParentObject: {fileID: 0}
  m_PrefabInternal: {fileID: 100100000}
  m_GameObject: {fileID: 166504}
  m_LocalRotation: {x: -.000464992423, y: -.0873786435, z: -.100118153, w: .991131246}
  m_LocalPosition: {x: -.0572364554, y: 1.49011612e-08, z: 1.49011612e-08}
  m_LocalScale: {x: 1.00000012, y: 1.00000024, z: 1}
  m_Children:
  - {fileID: 445970}
  m_Father: {fileID: 479464}
  m_RootOrder: 0
--- !u!4 &468828
Transform:
  m_ObjectHideFlags: 1
  m_PrefabParentObject: {fileID: 0}
  m_PrefabInternal: {fileID: 100100000}
  m_GameObject: {fileID: 118568}
  m_LocalRotation: {x: -2.15368345e-09, y: -4.65661287e-10, z: 1, w: -9.31322686e-10}
  m_LocalPosition: {x: -.015557602, y: 0, z: 1.49011612e-08}
  m_LocalScale: {x: -1, y: -1, z: -1}
  m_Children: []
  m_Father: {fileID: 470610}
  m_RootOrder: 0
--- !u!4 &470610
Transform:
  m_ObjectHideFlags: 1
  m_PrefabParentObject: {fileID: 0}
  m_PrefabInternal: {fileID: 100100000}
  m_GameObject: {fileID: 126188}
  m_LocalRotation: {x: .000125570878, y: -.000352776144, z: .910360694, w: -.413815528}
  m_LocalPosition: {x: -.0386822224, y: .087602064, z: -.00295375288}
  m_LocalScale: {x: .999999821, y: .99999994, z: 1}
  m_Children:
  - {fileID: 468828}
  m_Father: {fileID: 453618}
  m_RootOrder: 0
--- !u!4 &471822
Transform:
  m_ObjectHideFlags: 1
  m_PrefabParentObject: {fileID: 0}
  m_PrefabInternal: {fileID: 100100000}
  m_GameObject: {fileID: 152988}
  m_LocalRotation: {x: .707388282, y: -.706825197, z: -9.80225195e-07, w: -9.81006224e-07}
  m_LocalPosition: {x: -.148902357, y: -1.49011612e-08, z: -5.68434189e-13}
  m_LocalScale: {x: .99999994, y: .99999994, z: 1}
  m_Children: []
  m_Father: {fileID: 449110}
  m_RootOrder: 0
--- !u!4 &472772
Transform:
  m_ObjectHideFlags: 1
  m_PrefabParentObject: {fileID: 0}
  m_PrefabInternal: {fileID: 100100000}
  m_GameObject: {fileID: 155346}
  m_LocalRotation: {x: -.661587059, y: .746858954, z: -.0432300754, w: -.0513363108}
  m_LocalPosition: {x: .0290146172, y: .0157535225, z: -.140056416}
  m_LocalScale: {x: .99999994, y: 1.00000012, z: 1}
  m_Children:
  - {fileID: 479464}
  m_Father: {fileID: 499714}
  m_RootOrder: 1
--- !u!4 &473282
Transform:
  m_ObjectHideFlags: 1
  m_PrefabParentObject: {fileID: 0}
  m_PrefabInternal: {fileID: 100100000}
  m_GameObject: {fileID: 159186}
  m_LocalRotation: {x: 4.65661287e-10, y: -3.01224645e-09, z: 1.40268656e-18, w: 1}
  m_LocalPosition: {x: -.015557602, y: 0, z: 0}
  m_LocalScale: {x: 1, y: 1, z: 1}
  m_Children: []
  m_Father: {fileID: 445970}
  m_RootOrder: 0
--- !u!4 &479464
Transform:
  m_ObjectHideFlags: 1
  m_PrefabParentObject: {fileID: 0}
  m_PrefabInternal: {fileID: 100100000}
  m_GameObject: {fileID: 173910}
  m_LocalRotation: {x: 3.5776353e-09, y: -1.86553759e-08, z: .377291709, w: .926094472}
  m_LocalPosition: {x: -.140223801, y: -2.98023224e-08, z: 0}
  m_LocalScale: {x: .999999881, y: .99999994, z: 1}
  m_Children:
  - {fileID: 468124}
  m_Father: {fileID: 472772}
  m_RootOrder: 0
--- !u!4 &479884
Transform:
  m_ObjectHideFlags: 1
  m_PrefabParentObject: {fileID: 0}
  m_PrefabInternal: {fileID: 100100000}
  m_GameObject: {fileID: 191910}
  m_LocalRotation: {x: .0609137155, y: .0777012408, z: .694262862, w: .712917328}
  m_LocalPosition: {x: -.0914222375, y: -7.4505806e-09, z: 0}
  m_LocalScale: {x: .999999821, y: 1, z: 1.00000012}
  m_Children:
  - {fileID: 486586}
  m_Father: {fileID: 495732}
  m_RootOrder: 0
--- !u!4 &486586
Transform:
  m_ObjectHideFlags: 1
  m_PrefabParentObject: {fileID: 0}
  m_PrefabInternal: {fileID: 100100000}
  m_GameObject: {fileID: 104734}
  m_LocalRotation: {x: .000398136704, y: 0, z: -0, w: .99999994}
  m_LocalPosition: {x: -.0212960839, y: -9.31322575e-10, z: 0}
  m_LocalScale: {x: 1, y: 1, z: 1.00000012}
  m_Children:
  - {fileID: 429318}
  m_Father: {fileID: 479884}
  m_RootOrder: 0
--- !u!4 &487524
Transform:
  m_ObjectHideFlags: 1
  m_PrefabParentObject: {fileID: 0}
  m_PrefabInternal: {fileID: 100100000}
  m_GameObject: {fileID: 152340}
  m_LocalRotation: {x: -.63670218, y: -.434945464, z: .16684109, w: .614489079}
  m_LocalPosition: {x: -.0825752467, y: -1.49011612e-08, z: 0}
  m_LocalScale: {x: 1, y: 1, z: .99999994}
  m_Children:
  - {fileID: 496162}
  m_Father: {fileID: 465908}
  m_RootOrder: 0
--- !u!4 &490438
Transform:
  m_ObjectHideFlags: 1
  m_PrefabParentObject: {fileID: 0}
  m_PrefabInternal: {fileID: 100100000}
  m_GameObject: {fileID: 187678}
  m_LocalRotation: {x: -.499999642, y: .500000358, z: .499999642, w: .500000358}
  m_LocalPosition: {x: -.00356860459, y: 2.77395884e-11, z: 0}
  m_LocalScale: {x: 1, y: 1, z: .99999994}
  m_Children:
  - {fileID: 499714}
  m_Father: {fileID: 423162}
  m_RootOrder: 1
--- !u!4 &492988
Transform:
  m_ObjectHideFlags: 1
  m_PrefabParentObject: {fileID: 0}
  m_PrefabInternal: {fileID: 100100000}
  m_GameObject: {fileID: 103100}
  m_LocalRotation: {x: 3.72528985e-09, y: 2.3283063e-10, z: 1.86264493e-09, w: 1}
  m_LocalPosition: {x: -.00779709965, y: 9.31322575e-10, z: 0}
  m_LocalScale: {x: 1.00000012, y: 1.00000012, z: 1.00000012}
  m_Children: []
  m_Father: {fileID: 424436}
  m_RootOrder: 0
--- !u!4 &495732
Transform:
  m_ObjectHideFlags: 1
  m_PrefabParentObject: {fileID: 0}
  m_PrefabInternal: {fileID: 100100000}
  m_GameObject: {fileID: 191034}
  m_LocalRotation: {x: -1.51233892e-09, y: -5.66422048e-11, z: .037427146, w: .999299407}
  m_LocalPosition: {x: -.0730481669, y: 7.4505806e-09, z: 7.4505806e-09}
  m_LocalScale: {x: 1, y: 1, z: 1.00000012}
  m_Children:
  - {fileID: 479884}
  m_Father: {fileID: 465902}
  m_RootOrder: 0
--- !u!4 &496162
Transform:
  m_ObjectHideFlags: 1
  m_PrefabParentObject: {fileID: 0}
  m_PrefabInternal: {fileID: 100100000}
  m_GameObject: {fileID: 161216}
  m_LocalRotation: {x: 4.77315576e-10, y: 7.47368389e-09, z: .0374271423, w: .999299407}
  m_LocalPosition: {x: -.073048152, y: 7.4505806e-09, z: -7.4505806e-09}
  m_LocalScale: {x: .999999821, y: .99999994, z: .99999994}
  m_Children:
  - {fileID: 405410}
  m_Father: {fileID: 487524}
  m_RootOrder: 0
--- !u!4 &499640
Transform:
  m_ObjectHideFlags: 1
  m_PrefabParentObject: {fileID: 0}
  m_PrefabInternal: {fileID: 100100000}
  m_GameObject: {fileID: 122410}
  m_LocalRotation: {x: -.707106829, y: 0, z: -0, w: .707106829}
  m_LocalPosition: {x: 0, y: 0, z: 0}
  m_LocalScale: {x: 1, y: 1, z: 1}
  m_Children: []
  m_Father: {fileID: 451846}
  m_RootOrder: 1
--- !u!4 &499714
Transform:
  m_ObjectHideFlags: 1
  m_PrefabParentObject: {fileID: 0}
  m_PrefabInternal: {fileID: 100100000}
  m_GameObject: {fileID: 121472}
  m_LocalRotation: {x: -1.85103693e-06, y: 2.24137671e-06, z: -.67588377, w: .737008214}
  m_LocalPosition: {x: -.0181998163, y: .0275454521, z: -8.05039235e-08}
  m_LocalScale: {x: 1, y: 1, z: .99999994}
  m_Children:
  - {fileID: 442556}
  - {fileID: 472772}
  - {fileID: 426832}
  - {fileID: 449110}
  m_Father: {fileID: 490438}
  m_RootOrder: 0
--- !u!54 &5477878
Rigidbody:
  m_ObjectHideFlags: 1
  m_PrefabParentObject: {fileID: 0}
  m_PrefabInternal: {fileID: 100100000}
  m_GameObject: {fileID: 189420}
  serializedVersion: 2
  m_Mass: 1e+09
  m_Drag: 0
  m_AngularDrag: .0500000007
  m_UseGravity: 1
  m_IsKinematic: 0
  m_Interpolate: 0
  m_Constraints: 0
  m_CollisionDetection: 0
--- !u!95 &9507658
Animator:
  serializedVersion: 3
  m_ObjectHideFlags: 1
  m_PrefabParentObject: {fileID: 0}
  m_PrefabInternal: {fileID: 100100000}
  m_GameObject: {fileID: 189420}
  m_Enabled: 1
  m_Avatar: {fileID: 9000000, guid: 2afbd601deb49504796123dc14f629f6, type: 3}
  m_Controller: {fileID: 9100000, guid: 202b2475a7fe4df449768fae9ea2244b, type: 2}
  m_CullingMode: 1
  m_UpdateMode: 0
  m_ApplyRootMotion: 1
  m_LinearVelocityBlending: 0
  m_WarningMessage: 
  m_HasTransformHierarchy: 1
  m_AllowConstantClipSamplingOptimization: 1
--- !u!114 &11440592
MonoBehaviour:
  m_ObjectHideFlags: 1
  m_PrefabParentObject: {fileID: 0}
  m_PrefabInternal: {fileID: 100100000}
  m_GameObject: {fileID: 189420}
  m_Enabled: 1
  m_EditorHideFlags: 0
  m_Script: {fileID: 11500000, guid: 06140fe5af9cf4f4a815df51e73a4106, type: 3}
  m_Name: 
  m_EditorClassIdentifier: 
  spaceShip: {fileID: 0}
  speed: 0
  MinDistanceFromPlayer: 0
  MinTimeForEating: 0
  MaxTimeForEating: 0
  MinTimeForWalking: 0
  MaxTimeForWalking: 0
  WanderDistanceArea: 0
  TimeSmooth: 0
--- !u!136 &13647110
CapsuleCollider:
  m_ObjectHideFlags: 1
  m_PrefabParentObject: {fileID: 0}
  m_PrefabInternal: {fileID: 100100000}
  m_GameObject: {fileID: 189420}
  m_Material: {fileID: 0}
  m_IsTrigger: 0
  m_Enabled: 1
  m_Radius: .5
  m_Height: 0
  m_Direction: 1
  m_Center: {x: 0, y: .25, z: 0}
--- !u!137 &13789080
SkinnedMeshRenderer:
  m_ObjectHideFlags: 1
  m_PrefabParentObject: {fileID: 0}
  m_PrefabInternal: {fileID: 100100000}
  m_GameObject: {fileID: 122410}
  m_Enabled: 1
  m_CastShadows: 1
  m_ReceiveShadows: 1
  m_Materials:
  - {fileID: 2100000, guid: f2412092adfdb2c40a1aab72c3d5d171, type: 2}
  m_SubsetIndices: 
  m_StaticBatchRoot: {fileID: 0}
  m_UseLightProbes: 0
  m_ReflectionProbeUsage: 1
  m_ProbeAnchor: {fileID: 0}
  m_ScaleInLightmap: 1
  m_PreserveUVs: 0
  m_ImportantGI: 0
  m_AutoUVMaxDistance: .5
  m_AutoUVMaxAngle: 89
  m_LightmapParameters: {fileID: 0}
  m_SortingLayerID: 0
  m_SortingOrder: 0
  serializedVersion: 2
  m_Quality: 0
  m_UpdateWhenOffscreen: 0
  m_Mesh: {fileID: 4300000, guid: 2afbd601deb49504796123dc14f629f6, type: 3}
  m_Bones:
  - {fileID: 449662}
  - {fileID: 499714}
  - {fileID: 426832}
  - {fileID: 465908}
  - {fileID: 487524}
  - {fileID: 496162}
  - {fileID: 442850}
  - {fileID: 453618}
  - {fileID: 442556}
  - {fileID: 449110}
  - {fileID: 419842}
  - {fileID: 405410}
  - {fileID: 470610}
  - {fileID: 471822}
  - {fileID: 404928}
  - {fileID: 465902}
  - {fileID: 495732}
  - {fileID: 479464}
  - {fileID: 468124}
  - {fileID: 472772}
  - {fileID: 423162}
  - {fileID: 479884}
  - {fileID: 445970}
  - {fileID: 468828}
  - {fileID: 473282}
  m_BlendShapeWeights: []
  m_RootBone: {fileID: 423162}
  m_AABB:
    m_Center: {x: -.232455313, y: .0182792544, z: .173723638}
    m_Extent: {x: .348236382, y: .126760721, z: .232094288}
  m_DirtyAABB: 0
--- !u!1001 &100100000
Prefab:
  m_ObjectHideFlags: 1
  serializedVersion: 2
  m_Modification:
    m_TransformParent: {fileID: 0}
    m_Modifications: []
    m_RemovedComponents: []
  m_ParentPrefab: {fileID: 0}
  m_RootGameObject: {fileID: 189420}
  m_IsPrefabParent: 1
