%YAML 1.1
%TAG !u! tag:unity3d.com,2011:
--- !u!1 &101012
GameObject:
  m_ObjectHideFlags: 1
  m_PrefabParentObject: {fileID: 0}
  m_PrefabInternal: {fileID: 100100000}
  serializedVersion: 4
  m_Component:
  - 4: {fileID: 457122}
  m_Layer: 9
  m_Name: Bip01 R Calf
  m_TagString: Untagged
  m_Icon: {fileID: 0}
  m_NavMeshLayer: 0
  m_StaticEditorFlags: 0
  m_IsActive: 1
--- !u!1 &103288
GameObject:
  m_ObjectHideFlags: 1
  m_PrefabParentObject: {fileID: 0}
  m_PrefabInternal: {fileID: 100100000}
  serializedVersion: 4
  m_Component:
  - 4: {fileID: 403304}
  m_Layer: 9
  m_Name: Bip01 L Toe0Nub
  m_TagString: Untagged
  m_Icon: {fileID: 0}
  m_NavMeshLayer: 0
  m_StaticEditorFlags: 0
  m_IsActive: 1
--- !u!1 &104604
GameObject:
  m_ObjectHideFlags: 0
  m_PrefabParentObject: {fileID: 0}
  m_PrefabInternal: {fileID: 100100000}
  serializedVersion: 4
  m_Component:
  - 4: {fileID: 470402}
  - 137: {fileID: 13795906}
  - 54: {fileID: 5406470}
  m_Layer: 9
  m_Name: sheep_hi
  m_TagString: Untagged
  m_Icon: {fileID: 0}
  m_NavMeshLayer: 0
  m_StaticEditorFlags: 0
  m_IsActive: 1
--- !u!1 &105450
GameObject:
  m_ObjectHideFlags: 0
  m_PrefabParentObject: {fileID: 0}
  m_PrefabInternal: {fileID: 100100000}
  serializedVersion: 4
  m_Component:
  - 4: {fileID: 465372}
  m_Layer: 9
  m_Name: Bip01
  m_TagString: Untagged
  m_Icon: {fileID: 0}
  m_NavMeshLayer: 0
  m_StaticEditorFlags: 0
  m_IsActive: 1
--- !u!1 &107994
GameObject:
  m_ObjectHideFlags: 1
  m_PrefabParentObject: {fileID: 0}
  m_PrefabInternal: {fileID: 100100000}
  serializedVersion: 4
  m_Component:
  - 4: {fileID: 402164}
  m_Layer: 9
  m_Name: Bip01 Spine1
  m_TagString: Untagged
  m_Icon: {fileID: 0}
  m_NavMeshLayer: 0
  m_StaticEditorFlags: 0
  m_IsActive: 1
--- !u!1 &108336
GameObject:
  m_ObjectHideFlags: 1
  m_PrefabParentObject: {fileID: 0}
  m_PrefabInternal: {fileID: 100100000}
  serializedVersion: 4
  m_Component:
  - 4: {fileID: 421870}
  m_Layer: 9
  m_Name: Bip01 Footsteps
  m_TagString: Untagged
  m_Icon: {fileID: 0}
  m_NavMeshLayer: 0
  m_StaticEditorFlags: 0
  m_IsActive: 1
--- !u!1 &113666
GameObject:
  m_ObjectHideFlags: 1
  m_PrefabParentObject: {fileID: 0}
  m_PrefabInternal: {fileID: 100100000}
  serializedVersion: 4
  m_Component:
  - 4: {fileID: 411480}
  m_Layer: 9
  m_Name: Bip01 L Clavicle
  m_TagString: Untagged
  m_Icon: {fileID: 0}
  m_NavMeshLayer: 0
  m_StaticEditorFlags: 0
  m_IsActive: 1
--- !u!1 &114838
GameObject:
  m_ObjectHideFlags: 1
  m_PrefabParentObject: {fileID: 0}
  m_PrefabInternal: {fileID: 100100000}
  serializedVersion: 4
  m_Component:
  - 4: {fileID: 435214}
  m_Layer: 9
  m_Name: Bip01 R Toe0Nub
  m_TagString: Untagged
  m_Icon: {fileID: 0}
  m_NavMeshLayer: 0
  m_StaticEditorFlags: 0
  m_IsActive: 1
--- !u!1 &120792
GameObject:
  m_ObjectHideFlags: 1
  m_PrefabParentObject: {fileID: 0}
  m_PrefabInternal: {fileID: 100100000}
  serializedVersion: 4
  m_Component:
  - 4: {fileID: 419828}
  m_Layer: 9
  m_Name: Bip01 Pelvis
  m_TagString: Untagged
  m_Icon: {fileID: 0}
  m_NavMeshLayer: 0
  m_StaticEditorFlags: 0
  m_IsActive: 1
--- !u!1 &124490
GameObject:
  m_ObjectHideFlags: 1
  m_PrefabParentObject: {fileID: 0}
  m_PrefabInternal: {fileID: 100100000}
  serializedVersion: 4
  m_Component:
  - 4: {fileID: 479734}
  m_Layer: 9
  m_Name: Bip01 L Calf
  m_TagString: Untagged
  m_Icon: {fileID: 0}
  m_NavMeshLayer: 0
  m_StaticEditorFlags: 0
  m_IsActive: 1
--- !u!1 &124564
GameObject:
  m_ObjectHideFlags: 1
  m_PrefabParentObject: {fileID: 0}
  m_PrefabInternal: {fileID: 100100000}
  serializedVersion: 4
  m_Component:
  - 4: {fileID: 430104}
  m_Layer: 9
  m_Name: Bip01 R Toe0
  m_TagString: Untagged
  m_Icon: {fileID: 0}
  m_NavMeshLayer: 0
  m_StaticEditorFlags: 0
  m_IsActive: 1
--- !u!1 &129290
GameObject:
  m_ObjectHideFlags: 1
  m_PrefabParentObject: {fileID: 0}
  m_PrefabInternal: {fileID: 100100000}
  serializedVersion: 4
  m_Component:
  - 4: {fileID: 469170}
  m_Layer: 9
  m_Name: Bip01 Tail
  m_TagString: Untagged
  m_Icon: {fileID: 0}
  m_NavMeshLayer: 0
  m_StaticEditorFlags: 0
  m_IsActive: 1
--- !u!1 &135424
GameObject:
  m_ObjectHideFlags: 1
  m_PrefabParentObject: {fileID: 0}
  m_PrefabInternal: {fileID: 100100000}
  serializedVersion: 4
  m_Component:
  - 4: {fileID: 406384}
  m_Layer: 9
  m_Name: Bip01 TailNub
  m_TagString: Untagged
  m_Icon: {fileID: 0}
  m_NavMeshLayer: 0
  m_StaticEditorFlags: 0
  m_IsActive: 1
--- !u!1 &147868
GameObject:
  m_ObjectHideFlags: 1
  m_PrefabParentObject: {fileID: 0}
  m_PrefabInternal: {fileID: 100100000}
  serializedVersion: 4
  m_Component:
  - 4: {fileID: 402260}
  m_Layer: 9
  m_Name: Bip01 L Hand
  m_TagString: Untagged
  m_Icon: {fileID: 0}
  m_NavMeshLayer: 0
  m_StaticEditorFlags: 0
  m_IsActive: 1
--- !u!1 &148278
GameObject:
  m_ObjectHideFlags: 0
  m_PrefabParentObject: {fileID: 0}
  m_PrefabInternal: {fileID: 100100000}
  serializedVersion: 4
  m_Component:
  - 4: {fileID: 447790}
  - 95: {fileID: 9513958}
  - 54: {fileID: 5441840}
  - 136: {fileID: 13692308}
  - 114: {fileID: 11406302}
  m_Layer: 9
  m_Name: sheep1
  m_TagString: sheep
  m_Icon: {fileID: 0}
  m_NavMeshLayer: 0
  m_StaticEditorFlags: 0
  m_IsActive: 1
--- !u!1 &149010
GameObject:
  m_ObjectHideFlags: 1
  m_PrefabParentObject: {fileID: 0}
  m_PrefabInternal: {fileID: 100100000}
  serializedVersion: 4
  m_Component:
  - 4: {fileID: 455878}
  m_Layer: 9
  m_Name: Bip01 L Foot
  m_TagString: Untagged
  m_Icon: {fileID: 0}
  m_NavMeshLayer: 0
  m_StaticEditorFlags: 0
  m_IsActive: 1
--- !u!1 &150732
GameObject:
  m_ObjectHideFlags: 1
  m_PrefabParentObject: {fileID: 0}
  m_PrefabInternal: {fileID: 100100000}
  serializedVersion: 4
  m_Component:
  - 4: {fileID: 493444}
  m_Layer: 9
  m_Name: Bip01 R Finger0Nub
  m_TagString: Untagged
  m_Icon: {fileID: 0}
  m_NavMeshLayer: 0
  m_StaticEditorFlags: 0
  m_IsActive: 1
--- !u!1 &153448
GameObject:
  m_ObjectHideFlags: 1
  m_PrefabParentObject: {fileID: 0}
  m_PrefabInternal: {fileID: 100100000}
  serializedVersion: 4
  m_Component:
  - 4: {fileID: 489550}
  m_Layer: 9
  m_Name: Bip01 R Finger0
  m_TagString: Untagged
  m_Icon: {fileID: 0}
  m_NavMeshLayer: 0
  m_StaticEditorFlags: 0
  m_IsActive: 1
--- !u!1 &156548
GameObject:
  m_ObjectHideFlags: 1
  m_PrefabParentObject: {fileID: 0}
  m_PrefabInternal: {fileID: 100100000}
  serializedVersion: 4
  m_Component:
  - 4: {fileID: 467402}
  m_Layer: 9
  m_Name: Bip01 R UpperArm
  m_TagString: Untagged
  m_Icon: {fileID: 0}
  m_NavMeshLayer: 0
  m_StaticEditorFlags: 0
  m_IsActive: 1
--- !u!1 &156854
GameObject:
  m_ObjectHideFlags: 1
  m_PrefabParentObject: {fileID: 0}
  m_PrefabInternal: {fileID: 100100000}
  serializedVersion: 4
  m_Component:
  - 4: {fileID: 401580}
  m_Layer: 9
  m_Name: Bip01 L UpperArm
  m_TagString: Untagged
  m_Icon: {fileID: 0}
  m_NavMeshLayer: 0
  m_StaticEditorFlags: 0
  m_IsActive: 1
--- !u!1 &161582
GameObject:
  m_ObjectHideFlags: 1
  m_PrefabParentObject: {fileID: 0}
  m_PrefabInternal: {fileID: 100100000}
  serializedVersion: 4
  m_Component:
  - 4: {fileID: 483008}
  m_Layer: 9
  m_Name: Bip01 R Foot
  m_TagString: Untagged
  m_Icon: {fileID: 0}
  m_NavMeshLayer: 0
  m_StaticEditorFlags: 0
  m_IsActive: 1
--- !u!1 &167792
GameObject:
  m_ObjectHideFlags: 1
  m_PrefabParentObject: {fileID: 0}
  m_PrefabInternal: {fileID: 100100000}
  serializedVersion: 4
  m_Component:
  - 4: {fileID: 405930}
  m_Layer: 9
  m_Name: Bip01 Spine
  m_TagString: Untagged
  m_Icon: {fileID: 0}
  m_NavMeshLayer: 0
  m_StaticEditorFlags: 0
  m_IsActive: 1
--- !u!1 &171910
GameObject:
  m_ObjectHideFlags: 1
  m_PrefabParentObject: {fileID: 0}
  m_PrefabInternal: {fileID: 100100000}
  serializedVersion: 4
  m_Component:
  - 4: {fileID: 418698}
  m_Layer: 9
  m_Name: Bip01 HeadNub
  m_TagString: Untagged
  m_Icon: {fileID: 0}
  m_NavMeshLayer: 0
  m_StaticEditorFlags: 0
  m_IsActive: 1
--- !u!1 &175388
GameObject:
  m_ObjectHideFlags: 1
  m_PrefabParentObject: {fileID: 0}
  m_PrefabInternal: {fileID: 100100000}
  serializedVersion: 4
  m_Component:
  - 4: {fileID: 461330}
  m_Layer: 9
  m_Name: Bip01 R Hand
  m_TagString: Untagged
  m_Icon: {fileID: 0}
  m_NavMeshLayer: 0
  m_StaticEditorFlags: 0
  m_IsActive: 1
--- !u!1 &177198
GameObject:
  m_ObjectHideFlags: 1
  m_PrefabParentObject: {fileID: 0}
  m_PrefabInternal: {fileID: 100100000}
  serializedVersion: 4
  m_Component:
  - 4: {fileID: 431040}
  m_Layer: 9
  m_Name: Bip01 L Forearm
  m_TagString: Untagged
  m_Icon: {fileID: 0}
  m_NavMeshLayer: 0
  m_StaticEditorFlags: 0
  m_IsActive: 1
--- !u!1 &180322
GameObject:
  m_ObjectHideFlags: 1
  m_PrefabParentObject: {fileID: 0}
  m_PrefabInternal: {fileID: 100100000}
  serializedVersion: 4
  m_Component:
  - 4: {fileID: 430844}
  m_Layer: 9
  m_Name: Bip01 R Forearm
  m_TagString: Untagged
  m_Icon: {fileID: 0}
  m_NavMeshLayer: 0
  m_StaticEditorFlags: 0
  m_IsActive: 1
--- !u!1 &182698
GameObject:
  m_ObjectHideFlags: 1
  m_PrefabParentObject: {fileID: 0}
  m_PrefabInternal: {fileID: 100100000}
  serializedVersion: 4
  m_Component:
  - 4: {fileID: 493984}
  m_Layer: 9
  m_Name: Bip01 L Finger0Nub
  m_TagString: Untagged
  m_Icon: {fileID: 0}
  m_NavMeshLayer: 0
  m_StaticEditorFlags: 0
  m_IsActive: 1
--- !u!1 &185764
GameObject:
  m_ObjectHideFlags: 1
  m_PrefabParentObject: {fileID: 0}
  m_PrefabInternal: {fileID: 100100000}
  serializedVersion: 4
  m_Component:
  - 4: {fileID: 468904}
  m_Layer: 9
  m_Name: Bip01 R Thigh
  m_TagString: Untagged
  m_Icon: {fileID: 0}
  m_NavMeshLayer: 0
  m_StaticEditorFlags: 0
  m_IsActive: 1
--- !u!1 &186490
GameObject:
  m_ObjectHideFlags: 1
  m_PrefabParentObject: {fileID: 0}
  m_PrefabInternal: {fileID: 100100000}
  serializedVersion: 4
  m_Component:
  - 4: {fileID: 491018}
  m_Layer: 9
  m_Name: Bip01 Neck
  m_TagString: Untagged
  m_Icon: {fileID: 0}
  m_NavMeshLayer: 0
  m_StaticEditorFlags: 0
  m_IsActive: 1
--- !u!1 &187312
GameObject:
  m_ObjectHideFlags: 1
  m_PrefabParentObject: {fileID: 0}
  m_PrefabInternal: {fileID: 100100000}
  serializedVersion: 4
  m_Component:
  - 4: {fileID: 405456}
  m_Layer: 9
  m_Name: Bip01 L Thigh
  m_TagString: Untagged
  m_Icon: {fileID: 0}
  m_NavMeshLayer: 0
  m_StaticEditorFlags: 0
  m_IsActive: 1
--- !u!1 &197080
GameObject:
  m_ObjectHideFlags: 1
  m_PrefabParentObject: {fileID: 0}
  m_PrefabInternal: {fileID: 100100000}
  serializedVersion: 4
  m_Component:
  - 4: {fileID: 401666}
  m_Layer: 9
  m_Name: Bip01 L Finger0
  m_TagString: Untagged
  m_Icon: {fileID: 0}
  m_NavMeshLayer: 0
  m_StaticEditorFlags: 0
  m_IsActive: 1
--- !u!1 &198444
GameObject:
  m_ObjectHideFlags: 1
  m_PrefabParentObject: {fileID: 0}
  m_PrefabInternal: {fileID: 100100000}
  serializedVersion: 4
  m_Component:
  - 4: {fileID: 421602}
  m_Layer: 9
  m_Name: Bip01 L Toe0
  m_TagString: Untagged
  m_Icon: {fileID: 0}
  m_NavMeshLayer: 0
  m_StaticEditorFlags: 0
  m_IsActive: 1
--- !u!1 &199282
GameObject:
  m_ObjectHideFlags: 1
  m_PrefabParentObject: {fileID: 0}
  m_PrefabInternal: {fileID: 100100000}
  serializedVersion: 4
  m_Component:
  - 4: {fileID: 469454}
  m_Layer: 9
  m_Name: Bip01 Head
  m_TagString: Untagged
  m_Icon: {fileID: 0}
  m_NavMeshLayer: 0
  m_StaticEditorFlags: 0
  m_IsActive: 1
--- !u!1 &199882
GameObject:
  m_ObjectHideFlags: 1
  m_PrefabParentObject: {fileID: 0}
  m_PrefabInternal: {fileID: 100100000}
  serializedVersion: 4
  m_Component:
  - 4: {fileID: 425154}
  m_Layer: 9
  m_Name: Bip01 R Clavicle
  m_TagString: Untagged
  m_Icon: {fileID: 0}
  m_NavMeshLayer: 0
  m_StaticEditorFlags: 0
  m_IsActive: 1
--- !u!4 &401580
Transform:
  m_ObjectHideFlags: 1
  m_PrefabParentObject: {fileID: 0}
  m_PrefabInternal: {fileID: 100100000}
  m_GameObject: {fileID: 156854}
  m_LocalRotation: {x: -.63670218, y: -.434945464, z: .16684109, w: .614489079}
  m_LocalPosition: {x: -.0825752467, y: -1.49011612e-08, z: 0}
  m_LocalScale: {x: 1, y: 1, z: .99999994}
  m_Children:
  - {fileID: 431040}
  m_Father: {fileID: 411480}
  m_RootOrder: 0
--- !u!4 &401666
Transform:
  m_ObjectHideFlags: 1
  m_PrefabParentObject: {fileID: 0}
  m_PrefabInternal: {fileID: 100100000}
  m_GameObject: {fileID: 197080}
  m_LocalRotation: {x: -.000398140459, y: 0, z: -0, w: .99999994}
  m_LocalPosition: {x: -.0212960839, y: 9.31322575e-10, z: -1.49011612e-08}
  m_LocalScale: {x: 1, y: .99999994, z: 1}
  m_Children:
  - {fileID: 493984}
  m_Father: {fileID: 402260}
  m_RootOrder: 0
--- !u!4 &402164
Transform:
  m_ObjectHideFlags: 1
  m_PrefabParentObject: {fileID: 0}
  m_PrefabInternal: {fileID: 100100000}
  m_GameObject: {fileID: 107994}
  m_LocalRotation: {x: 5.34112583e-14, y: -1.20982435e-07, z: .0436192974, w: .999048233}
  m_LocalPosition: {x: -.1371997, y: -.000110119581, z: -3.05135472e-10}
  m_LocalScale: {x: 1.00000012, y: 1.00000012, z: 1}
  m_Children:
  - {fileID: 491018}
  m_Father: {fileID: 405930}
  m_RootOrder: 2
--- !u!4 &402260
Transform:
  m_ObjectHideFlags: 1
  m_PrefabParentObject: {fileID: 0}
  m_PrefabInternal: {fileID: 100100000}
  m_GameObject: {fileID: 147868}
  m_LocalRotation: {x: -.0609137155, y: -.0777012333, z: .694262862, w: .712917328}
  m_LocalPosition: {x: -.0914222449, y: -7.4505806e-09, z: 0}
  m_LocalScale: {x: .999999881, y: 1.00000012, z: 1.00000012}
  m_Children:
  - {fileID: 401666}
  m_Father: {fileID: 431040}
  m_RootOrder: 0
--- !u!4 &403304
Transform:
  m_ObjectHideFlags: 1
  m_PrefabParentObject: {fileID: 0}
  m_PrefabInternal: {fileID: 100100000}
  m_GameObject: {fileID: 103288}
  m_LocalRotation: {x: -2.15368345e-09, y: -4.65661287e-10, z: 1, w: -9.31322686e-10}
  m_LocalPosition: {x: -.015557602, y: 0, z: 1.49011612e-08}
  m_LocalScale: {x: -1, y: -1, z: -1}
  m_Children: []
  m_Father: {fileID: 421602}
  m_RootOrder: 0
--- !u!4 &405456
Transform:
  m_ObjectHideFlags: 1
  m_PrefabParentObject: {fileID: 0}
  m_PrefabInternal: {fileID: 100100000}
  m_GameObject: {fileID: 187312}
  m_LocalRotation: {x: -.65039885, y: .756227374, z: .046112448, w: .0545460805}
  m_LocalPosition: {x: .0290140212, y: .0157523155, z: .140056804}
  m_LocalScale: {x: 1, y: 1.00000012, z: 1}
  m_Children:
  - {fileID: 479734}
  m_Father: {fileID: 405930}
  m_RootOrder: 0
--- !u!4 &405930
Transform:
  m_ObjectHideFlags: 1
  m_PrefabParentObject: {fileID: 0}
  m_PrefabInternal: {fileID: 100100000}
  m_GameObject: {fileID: 167792}
  m_LocalRotation: {x: -1.85103693e-06, y: 2.24137671e-06, z: -.67588377, w: .737008214}
  m_LocalPosition: {x: -.0181998163, y: .0275454521, z: -8.05039235e-08}
  m_LocalScale: {x: 1, y: 1, z: .99999994}
  m_Children:
  - {fileID: 405456}
  - {fileID: 468904}
  - {fileID: 402164}
  - {fileID: 469170}
  m_Father: {fileID: 419828}
  m_RootOrder: 0
--- !u!4 &406384
Transform:
  m_ObjectHideFlags: 1
  m_PrefabParentObject: {fileID: 0}
  m_PrefabInternal: {fileID: 100100000}
  m_GameObject: {fileID: 135424}
  m_LocalRotation: {x: .707388282, y: -.706825197, z: -9.80225195e-07, w: -9.81006224e-07}
  m_LocalPosition: {x: -.148902357, y: -1.49011612e-08, z: -5.68434189e-13}
  m_LocalScale: {x: .99999994, y: .99999994, z: 1}
  m_Children: []
  m_Father: {fileID: 469170}
  m_RootOrder: 0
--- !u!4 &411480
Transform:
  m_ObjectHideFlags: 1
  m_PrefabParentObject: {fileID: 0}
  m_PrefabInternal: {fileID: 100100000}
  m_GameObject: {fileID: 113666}
  m_LocalRotation: {x: .703586876, y: -.317588627, z: -.622998655, w: .126394838}
  m_LocalPosition: {x: .128854647, y: .176095366, z: .0465010367}
  m_LocalScale: {x: 1, y: 1, z: 1.00000012}
  m_Children:
  - {fileID: 401580}
  m_Father: {fileID: 491018}
  m_RootOrder: 1
--- !u!4 &418698
Transform:
  m_ObjectHideFlags: 1
  m_PrefabParentObject: {fileID: 0}
  m_PrefabInternal: {fileID: 100100000}
  m_GameObject: {fileID: 171910}
  m_LocalRotation: {x: 2.8421706e-14, y: 0, z: -0, w: 1}
  m_LocalPosition: {x: -.295699745, y: 0, z: 0}
  m_LocalScale: {x: 1.00000012, y: 1.00000012, z: 1}
  m_Children: []
  m_Father: {fileID: 469454}
  m_RootOrder: 0
--- !u!4 &419828
Transform:
  m_ObjectHideFlags: 1
  m_PrefabParentObject: {fileID: 0}
  m_PrefabInternal: {fileID: 100100000}
  m_GameObject: {fileID: 120792}
  m_LocalRotation: {x: -.499999642, y: .500000358, z: .499999642, w: .500000358}
  m_LocalPosition: {x: -.00356860459, y: 2.77395884e-11, z: 0}
  m_LocalScale: {x: 1, y: 1, z: .99999994}
  m_Children:
  - {fileID: 405930}
  m_Father: {fileID: 465372}
  m_RootOrder: 1
--- !u!4 &421602
Transform:
  m_ObjectHideFlags: 1
  m_PrefabParentObject: {fileID: 0}
  m_PrefabInternal: {fileID: 100100000}
  m_GameObject: {fileID: 198444}
  m_LocalRotation: {x: .000125570878, y: -.000352776144, z: .910360694, w: -.413815528}
  m_LocalPosition: {x: -.0386822224, y: .087602064, z: -.00295375288}
  m_LocalScale: {x: .999999821, y: .99999994, z: 1}
  m_Children:
  - {fileID: 403304}
  m_Father: {fileID: 455878}
  m_RootOrder: 0
--- !u!4 &421870
Transform:
  m_ObjectHideFlags: 1
  m_PrefabParentObject: {fileID: 0}
  m_PrefabInternal: {fileID: 100100000}
  m_GameObject: {fileID: 108336}
  m_LocalRotation: {x: -.0308440011, y: .0308440011, z: -.706433177, w: .706434309}
  m_LocalPosition: {x: -.0200199783, y: -1.60221134e-08, z: -.228826106}
  m_LocalScale: {x: 1, y: 1.00000012, z: 1}
  m_Children: []
  m_Father: {fileID: 465372}
  m_RootOrder: 0
--- !u!4 &425154
Transform:
  m_ObjectHideFlags: 1
  m_PrefabParentObject: {fileID: 0}
  m_PrefabInternal: {fileID: 100100000}
  m_GameObject: {fileID: 199882}
  m_LocalRotation: {x: .703586519, y: -.317590356, z: .622997761, w: -.126396775}
  m_LocalPosition: {x: .128854647, y: .176095635, z: -.0464997329}
  m_LocalScale: {x: 1, y: 1, z: 1.00000012}
  m_Children:
  - {fileID: 467402}
  m_Father: {fileID: 491018}
  m_RootOrder: 2
--- !u!4 &430104
Transform:
  m_ObjectHideFlags: 1
  m_PrefabParentObject: {fileID: 0}
  m_PrefabInternal: {fileID: 100100000}
  m_GameObject: {fileID: 124564}
  m_LocalRotation: {x: -.000125571518, y: .000352772244, z: .910360754, w: -.413815528}
  m_LocalPosition: {x: -.0386822075, y: .0876020491, z: .00295372307}
  m_LocalScale: {x: 1.00000012, y: 1.00000012, z: 1.00000012}
  m_Children:
  - {fileID: 435214}
  m_Father: {fileID: 483008}
  m_RootOrder: 0
--- !u!4 &430844
Transform:
  m_ObjectHideFlags: 1
  m_PrefabParentObject: {fileID: 0}
  m_PrefabInternal: {fileID: 100100000}
  m_GameObject: {fileID: 180322}
  m_LocalRotation: {x: -1.51233892e-09, y: -5.66422048e-11, z: .037427146, w: .999299407}
  m_LocalPosition: {x: -.0730481669, y: 7.4505806e-09, z: 7.4505806e-09}
  m_LocalScale: {x: 1, y: 1, z: 1.00000012}
  m_Children:
  - {fileID: 461330}
  m_Father: {fileID: 467402}
  m_RootOrder: 0
--- !u!4 &431040
Transform:
  m_ObjectHideFlags: 1
  m_PrefabParentObject: {fileID: 0}
  m_PrefabInternal: {fileID: 100100000}
  m_GameObject: {fileID: 177198}
  m_LocalRotation: {x: 4.77315576e-10, y: 7.47368389e-09, z: .0374271423, w: .999299407}
  m_LocalPosition: {x: -.073048152, y: 7.4505806e-09, z: -7.4505806e-09}
  m_LocalScale: {x: .999999821, y: .99999994, z: .99999994}
  m_Children:
  - {fileID: 402260}
  m_Father: {fileID: 401580}
  m_RootOrder: 0
--- !u!4 &435214
Transform:
  m_ObjectHideFlags: 1
  m_PrefabParentObject: {fileID: 0}
  m_PrefabInternal: {fileID: 100100000}
  m_GameObject: {fileID: 114838}
  m_LocalRotation: {x: 4.65661287e-10, y: -3.01224645e-09, z: 1.40268656e-18, w: 1}
  m_LocalPosition: {x: -.015557602, y: 0, z: 0}
  m_LocalScale: {x: 1, y: 1, z: 1}
  m_Children: []
  m_Father: {fileID: 430104}
  m_RootOrder: 0
--- !u!4 &447790
Transform:
  m_ObjectHideFlags: 1
  m_PrefabParentObject: {fileID: 0}
  m_PrefabInternal: {fileID: 100100000}
  m_GameObject: {fileID: 148278}
  m_LocalRotation: {x: 0, y: 0, z: 0, w: 1}
  m_LocalPosition: {x: 0, y: 0, z: 0}
  m_LocalScale: {x: 1, y: 1, z: 1}
  m_Children:
  - {fileID: 465372}
  - {fileID: 470402}
  m_Father: {fileID: 0}
  m_RootOrder: 0
--- !u!4 &455878
Transform:
  m_ObjectHideFlags: 1
  m_PrefabParentObject: {fileID: 0}
  m_PrefabInternal: {fileID: 100100000}
  m_GameObject: {fileID: 149010}
  m_LocalRotation: {x: .00302235526, y: .0913259313, z: -.107316904, w: .990016937}
  m_LocalPosition: {x: -.0572364405, y: 0, z: 0}
  m_LocalScale: {x: 1.00000024, y: 1.00000024, z: 1.00000012}
  m_Children:
  - {fileID: 421602}
  m_Father: {fileID: 479734}
  m_RootOrder: 0
--- !u!4 &457122
Transform:
  m_ObjectHideFlags: 1
  m_PrefabParentObject: {fileID: 0}
  m_PrefabInternal: {fileID: 100100000}
  m_GameObject: {fileID: 101012}
  m_LocalRotation: {x: 3.5776353e-09, y: -1.86553759e-08, z: .377291709, w: .926094472}
  m_LocalPosition: {x: -.140223801, y: -2.98023224e-08, z: 0}
  m_LocalScale: {x: .999999881, y: .99999994, z: 1}
  m_Children:
  - {fileID: 483008}
  m_Father: {fileID: 468904}
  m_RootOrder: 0
--- !u!4 &461330
Transform:
  m_ObjectHideFlags: 1
  m_PrefabParentObject: {fileID: 0}
  m_PrefabInternal: {fileID: 100100000}
  m_GameObject: {fileID: 175388}
  m_LocalRotation: {x: .0609137155, y: .0777012408, z: .694262862, w: .712917328}
  m_LocalPosition: {x: -.0914222375, y: -7.4505806e-09, z: 0}
  m_LocalScale: {x: .999999821, y: 1, z: 1.00000012}
  m_Children:
  - {fileID: 489550}
  m_Father: {fileID: 430844}
  m_RootOrder: 0
--- !u!4 &465372
Transform:
  m_ObjectHideFlags: 1
  m_PrefabParentObject: {fileID: 0}
  m_PrefabInternal: {fileID: 100100000}
  m_GameObject: {fileID: 105450}
  m_LocalRotation: {x: -.477714509, y: .477713704, z: .521333694, w: .521334469}
  m_LocalPosition: {x: 5.00503211e-06, y: .248795137, z: -.197724804}
  m_LocalScale: {x: .99999994, y: .99999994, z: 1}
  m_Children:
  - {fileID: 421870}
  - {fileID: 419828}
  m_Father: {fileID: 447790}
  m_RootOrder: 0
--- !u!4 &467402
Transform:
  m_ObjectHideFlags: 1
  m_PrefabParentObject: {fileID: 0}
  m_PrefabInternal: {fileID: 100100000}
  m_GameObject: {fileID: 156548}
  m_LocalRotation: {x: .636703014, y: .434946924, z: .166841209, w: .614487171}
  m_LocalPosition: {x: -.0825752392, y: 0, z: -1.49011612e-08}
  m_LocalScale: {x: .99999994, y: 1, z: 1}
  m_Children:
  - {fileID: 430844}
  m_Father: {fileID: 425154}
  m_RootOrder: 0
--- !u!4 &468904
Transform:
  m_ObjectHideFlags: 1
  m_PrefabParentObject: {fileID: 0}
  m_PrefabInternal: {fileID: 100100000}
  m_GameObject: {fileID: 185764}
  m_LocalRotation: {x: -.661587059, y: .746858954, z: -.0432300754, w: -.0513363108}
  m_LocalPosition: {x: .0290146172, y: .0157535225, z: -.140056416}
  m_LocalScale: {x: .99999994, y: 1.00000012, z: 1}
  m_Children:
  - {fileID: 457122}
  m_Father: {fileID: 405930}
  m_RootOrder: 1
--- !u!4 &469170
Transform:
  m_ObjectHideFlags: 1
  m_PrefabParentObject: {fileID: 0}
  m_PrefabInternal: {fileID: 100100000}
  m_GameObject: {fileID: 129290}
  m_LocalRotation: {x: 3.23011682e-06, y: -1.424316e-06, z: .826015413, w: .563647628}
  m_LocalPosition: {x: .192469016, y: -.166012675, z: -8.01724127e-08}
  m_LocalScale: {x: 1.00000012, y: 1.00000012, z: 1}
  m_Children:
  - {fileID: 406384}
  m_Father: {fileID: 405930}
  m_RootOrder: 3
--- !u!4 &469454
Transform:
  m_ObjectHideFlags: 1
  m_PrefabParentObject: {fileID: 0}
  m_PrefabInternal: {fileID: 100100000}
  m_GameObject: {fileID: 199282}
  m_LocalRotation: {x: -2.25812528e-07, y: -2.20861921e-06, z: .345469862, w: .938429892}
  m_LocalPosition: {x: -.0568863451, y: 0, z: 0}
  m_LocalScale: {x: .99999994, y: .99999994, z: 1}
  m_Children:
  - {fileID: 418698}
  m_Father: {fileID: 491018}
  m_RootOrder: 0
--- !u!4 &470402
Transform:
  m_ObjectHideFlags: 1
  m_PrefabParentObject: {fileID: 0}
  m_PrefabInternal: {fileID: 100100000}
  m_GameObject: {fileID: 104604}
  m_LocalRotation: {x: -.707106829, y: 0, z: -0, w: .707106829}
  m_LocalPosition: {x: 0, y: 0, z: 0}
  m_LocalScale: {x: 1, y: 1, z: 1}
  m_Children: []
  m_Father: {fileID: 447790}
  m_RootOrder: 1
--- !u!4 &479734
Transform:
  m_ObjectHideFlags: 1
  m_PrefabParentObject: {fileID: 0}
  m_PrefabInternal: {fileID: 100100000}
  m_GameObject: {fileID: 124490}
  m_LocalRotation: {x: -1.39569245e-09, y: -1.66014402e-08, z: .37071082, w: .928748369}
  m_LocalPosition: {x: -.140223801, y: -1.49011612e-08, z: -1.49011612e-08}
  m_LocalScale: {x: .99999994, y: 1, z: 1}
  m_Children:
  - {fileID: 455878}
  m_Father: {fileID: 405456}
  m_RootOrder: 0
--- !u!4 &483008
Transform:
  m_ObjectHideFlags: 1
  m_PrefabParentObject: {fileID: 0}
  m_PrefabInternal: {fileID: 100100000}
  m_GameObject: {fileID: 161582}
  m_LocalRotation: {x: -.000464992423, y: -.0873786435, z: -.100118153, w: .991131246}
  m_LocalPosition: {x: -.0572364554, y: 1.49011612e-08, z: 1.49011612e-08}
  m_LocalScale: {x: 1.00000012, y: 1.00000024, z: 1}
  m_Children:
  - {fileID: 430104}
  m_Father: {fileID: 457122}
  m_RootOrder: 0
--- !u!4 &489550
Transform:
  m_ObjectHideFlags: 1
  m_PrefabParentObject: {fileID: 0}
  m_PrefabInternal: {fileID: 100100000}
  m_GameObject: {fileID: 153448}
  m_LocalRotation: {x: .000398136704, y: 0, z: -0, w: .99999994}
  m_LocalPosition: {x: -.0212960839, y: -9.31322575e-10, z: 0}
  m_LocalScale: {x: 1, y: 1, z: 1.00000012}
  m_Children:
  - {fileID: 493444}
  m_Father: {fileID: 461330}
  m_RootOrder: 0
--- !u!4 &491018
Transform:
  m_ObjectHideFlags: 1
  m_PrefabParentObject: {fileID: 0}
  m_PrefabInternal: {fileID: 100100000}
  m_GameObject: {fileID: 186490}
  m_LocalRotation: {x: 4.41662698e-14, y: -4.99153543e-07, z: .179965869, w: .983672857}
  m_LocalPosition: {x: -.14360714, y: -.134204119, z: -5.37498636e-07}
  m_LocalScale: {x: 1.00000012, y: 1.00000012, z: 1}
  m_Children:
  - {fileID: 469454}
  - {fileID: 411480}
  - {fileID: 425154}
  m_Father: {fileID: 402164}
  m_RootOrder: 0
--- !u!4 &493444
Transform:
  m_ObjectHideFlags: 1
  m_PrefabParentObject: {fileID: 0}
  m_PrefabInternal: {fileID: 100100000}
  m_GameObject: {fileID: 150732}
  m_LocalRotation: {x: -4.65661232e-10, y: 7.45057971e-09, z: 1, w: 1.86264482e-09}
  m_LocalPosition: {x: -.0077971071, y: 9.31322575e-10, z: 0}
  m_LocalScale: {x: -1.00000012, y: -1.00000012, z: -1.00000012}
  m_Children: []
  m_Father: {fileID: 489550}
  m_RootOrder: 0
--- !u!4 &493984
Transform:
  m_ObjectHideFlags: 1
  m_PrefabParentObject: {fileID: 0}
  m_PrefabInternal: {fileID: 100100000}
  m_GameObject: {fileID: 182698}
  m_LocalRotation: {x: 3.72528985e-09, y: 2.3283063e-10, z: 1.86264493e-09, w: 1}
  m_LocalPosition: {x: -.00779709965, y: 9.31322575e-10, z: 0}
  m_LocalScale: {x: 1.00000012, y: 1.00000012, z: 1.00000012}
  m_Children: []
  m_Father: {fileID: 401666}
  m_RootOrder: 0
--- !u!54 &5406470
Rigidbody:
  m_ObjectHideFlags: 1
  m_PrefabParentObject: {fileID: 0}
  m_PrefabInternal: {fileID: 100100000}
  m_GameObject: {fileID: 104604}
  serializedVersion: 2
  m_Mass: 1
  m_Drag: 0
  m_AngularDrag: .0500000007
  m_UseGravity: 1
  m_IsKinematic: 0
  m_Interpolate: 0
  m_Constraints: 80
  m_CollisionDetection: 0
--- !u!54 &5441840
Rigidbody:
  m_ObjectHideFlags: 1
  m_PrefabParentObject: {fileID: 0}
  m_PrefabInternal: {fileID: 100100000}
  m_GameObject: {fileID: 148278}
  serializedVersion: 2
  m_Mass: 30
  m_Drag: 0
  m_AngularDrag: .5
  m_UseGravity: 1
  m_IsKinematic: 0
  m_Interpolate: 0
  m_Constraints: 80
  m_CollisionDetection: 0
--- !u!95 &9513958
Animator:
  serializedVersion: 3
  m_ObjectHideFlags: 1
  m_PrefabParentObject: {fileID: 0}
  m_PrefabInternal: {fileID: 100100000}
  m_GameObject: {fileID: 148278}
  m_Enabled: 1
  m_Avatar: {fileID: 9000000, guid: 2afbd601deb49504796123dc14f629f6, type: 3}
  m_Controller: {fileID: 9100000, guid: 202b2475a7fe4df449768fae9ea2244b, type: 2}
  m_CullingMode: 1
  m_UpdateMode: 0
  m_ApplyRootMotion: 1
  m_LinearVelocityBlending: 0
  m_WarningMessage: 
  m_HasTransformHierarchy: 1
  m_AllowConstantClipSamplingOptimization: 1
--- !u!114 &11406302
MonoBehaviour:
  m_ObjectHideFlags: 1
  m_PrefabParentObject: {fileID: 0}
  m_PrefabInternal: {fileID: 100100000}
  m_GameObject: {fileID: 148278}
  m_Enabled: 1
  m_EditorHideFlags: 0
  m_Script: {fileID: 11500000, guid: 06140fe5af9cf4f4a815df51e73a4106, type: 3}
  m_Name: 
  m_EditorClassIdentifier: 
  spaceShip: {fileID: 0}
  speed: 2
  MinDistanceFromPlayer: 10
  MinTimeForEating: 4
  MaxTimeForEating: 10
  MinTimeForWalking: 5
  MaxTimeForWalking: 15
  WanderDistanceArea: 7
  TimeSmooth: 10
--- !u!136 &13692308
CapsuleCollider:
  m_ObjectHideFlags: 1
  m_PrefabParentObject: {fileID: 0}
  m_PrefabInternal: {fileID: 100100000}
  m_GameObject: {fileID: 148278}
  m_Material: {fileID: 0}
  m_IsTrigger: 0
  m_Enabled: 1
  m_Radius: .400000006
  m_Height: 1
  m_Direction: 2
  m_Center: {x: 0, y: .400000006, z: 0}
--- !u!137 &13795906
SkinnedMeshRenderer:
  m_ObjectHideFlags: 1
  m_PrefabParentObject: {fileID: 0}
  m_PrefabInternal: {fileID: 100100000}
  m_GameObject: {fileID: 104604}
  m_Enabled: 1
  m_CastShadows: 1
  m_ReceiveShadows: 1
  m_Materials:
  - {fileID: 2100000, guid: 47121a8864755854e9ff2e783f3521d1, type: 2}
  m_SubsetIndices: 
  m_StaticBatchRoot: {fileID: 0}
  m_UseLightProbes: 0
  m_ReflectionProbeUsage: 1
  m_ProbeAnchor: {fileID: 0}
  m_ScaleInLightmap: 1
  m_PreserveUVs: 0
  m_ImportantGI: 0
  m_AutoUVMaxDistance: .5
  m_AutoUVMaxAngle: 89
  m_LightmapParameters: {fileID: 0}
  m_SortingLayerID: 0
  m_SortingOrder: 0
  serializedVersion: 2
  m_Quality: 0
  m_UpdateWhenOffscreen: 0
  m_Mesh: {fileID: 4300000, guid: 2afbd601deb49504796123dc14f629f6, type: 3}
  m_Bones:
  - {fileID: 469454}
  - {fileID: 405930}
  - {fileID: 402164}
  - {fileID: 411480}
  - {fileID: 401580}
  - {fileID: 431040}
  - {fileID: 479734}
  - {fileID: 455878}
  - {fileID: 405456}
  - {fileID: 469170}
  - {fileID: 418698}
  - {fileID: 402260}
  - {fileID: 421602}
  - {fileID: 406384}
  - {fileID: 425154}
  - {fileID: 467402}
  - {fileID: 430844}
  - {fileID: 457122}
  - {fileID: 483008}
  - {fileID: 468904}
  - {fileID: 465372}
  - {fileID: 461330}
  - {fileID: 430104}
  - {fileID: 403304}
  - {fileID: 435214}
  m_BlendShapeWeights: []
  m_RootBone: {fileID: 465372}
  m_AABB:
    m_Center: {x: -.232455313, y: .0182792544, z: .173723638}
    m_Extent: {x: .348236382, y: .126760721, z: .232094288}
  m_DirtyAABB: 0
--- !u!1001 &100100000
Prefab:
  m_ObjectHideFlags: 1
  serializedVersion: 2
  m_Modification:
    m_TransformParent: {fileID: 0}
    m_Modifications: []
    m_RemovedComponents: []
  m_ParentPrefab: {fileID: 0}
  m_RootGameObject: {fileID: 148278}
  m_IsPrefabParent: 1
